%% This BibTeX bibliography file was created using BibDesk.
%% http://bibdesk.sourceforge.net/

%% Created for hmshan at 2016-09-05 08:34:19 +0800 


%% Saved with string encoding Unicode (UTF-8) 



@article{Samuel59,
	Author = {A. L. Samuel},
	Journal = {IBM Journal of Research and Development},
	Number = {3},
	Pages = {211--229},
	Title = {Some studies in machine learning using the game of checkers},
	Volume = {3},
	Year = {1959}}
